1857 2542
777 215 828 224 —
875 200 989 232 xvm
1038 216 1088 225 —

309 283 452 328 opusculi
468 281 643 323 quidquam
658 278 878 322 pronunciare
897 278 1054 318 valemus,
1076 289 1284 322 quamquam,
1304 280 1331 311 si
1350 289 1429 312 vera
1448 290 1563 322 essent,

309 349 388 381 quae
410 337 449 367 de
470 336 643 367 Theodoro
672 341 805 367 auctore
832 335 1011 376 suspicatus
1032 342 1096 374 est,
1129 336 1226 368 simul
1253 337 1365 367 aetatis
1387 346 1564 377 argumen-

307 402 374 425 tum
402 392 478 422 satis
505 393 674 434 probabile
702 393 877 423 inuentum
904 391 998 422 foret.
1052 393 1100 423 At
1125 393 1294 424 enimuero
1327 403 1495 429 veremur,
1513 398 1566 424 'vt

299 449 408 481 Maius
436 447 589 489 cuiquam
615 448 714 479 fidem
740 448 853 479 fecerit
879 447 922 477 de
945 447 1135 485 Theodoro,
1178 447 1299 479 nedum
1326 447 1366 478 de
1387 447 1562 479 Theodoro

303 505 542 546 Hermopolim.
601 507 705 542 Nam,
746 504 834 545 quod
865 504 1040 535 Theodoro
1073 504 1170 535 alicui
1198 504 1417 545 fragmentum
1443 505 1566 541 tribuit,

304 561 396 593 nulla
424 561 488 592 alia
513 559 640 591 ratione
667 561 805 597 nititur,·
832 570 930 601 quam
958 560 1091 591 nomine
1118 560 1215 591 huius
1236 560 1422 602 interpretis
1443 560 1567 591 duobus

308 617 437 649 scholiis
454 617 494 648 ad
512 618 630 648 calcem
648 618 733 648 tituli
749 618 964 649 Basilicarum
981 617 1021 647 de
1038 616 1205 648 Armeniis
1224 616 1372 658 praefixo
1385 618 1425 658 ¹).
1453 618 1567 658 Quum

307 679 431 709 autem,
465 683 564 713 quam
584 683 703 714 parum
724 679 875 704 nostrum
901 673 1121 713 fragmentum
1147 672 1225 703 huic
1244 674 1307 714 ipsi
1328 674 1423 704 titulo
1445 684 1569 704 conue-

305 729 384 767 niat,
406 729 441 759 in
461 728 600 770 procliui
621 729 671 766 sit,
693 740 762 760 non
783 740 867 771 opus
885 734 943 765 est,
964 734 1001 759 vt
1020 727 1213 759 refutandae
1233 729 1440 760 coniecturae
1459 729 1568 760 Maia-

306 795 368 815 nae
395 784 616 814 immoremur.
658 784 702 814 Et
730 784 818 825 quod
845 784 885 814 de
913 783 1087 815 Theodoro
1109 784 1338 825 Hermopolita
1364 784 1501 823 addidit,
1534 784 1569 814 in

304 851 341 870 eo
355 850 421 869 non
434 839 583 870 distinxit
595 839 808 871 Theodorum
821 839 1049 880 antiquiorem,
1069 838 1454 882 Iustiniano-otiyxowov,
1476 839 1569 870 cuins

310 906 388 927 sane
409 900 485 925 sunt
510 894 632 925 scholia
652 896 799 926 Basilicis
825 896 929 926 multo
955 901 1031 937 post
1057 905 1132 926 cum
1158 895 1258 926 variis
1279 895 1505 927 additamentis
1527 895 1571 925 il-

305 951 388 988 lata,
433 961 453 981 a
479 950 655 982 Theodoro
682 951 927 993 Hermopolim,
966 957 1100 983 auctore
1126 952 1223 993 longe
1253 952 1434 983 recentiore
1462 950 1570 992 operis

307 1006 421 1038 inediti
443 1006 484 1036 ad
504 1006 574 1048 ipsa
595 1007 734 1038 Basilica
755 1007 885 1050 scripti3
912 1013 1092 1050 praeeunte
1114 1007 1246 1049 quidem
1266 1008 1422 1039 ΚΕΗ-κιο
1436 1006 1479 1046 ¹),
1502 1006 1570 1047 qui,

310 1063 369 1094 etsi
388 1063 423 1093 in
443 1062 494 1093 his
514 1062 630 1093 litteris
651 1064 905 1103 versatissimus,
932 1070 1043 1095 tamen
1064 1074 1084 1094 a
1105 1063 1295 1095 confusione
1318 1063 1571 1094 Iurisconsulto-

305 1130 382 1150 rum
408 1118 640 1159 cognominum
667 1120 728 1150 sibi
757 1131 825 1151 non
853 1121 958 1159 cauit3
992 1121 1047 1151 sed
1073 1121 1194 1152 rectius
1222 1120 1438 1156 dissentiente,
1451 1119 1572 1149 Christ.

306 1175 397 1206 Frid.
418 1175 535 1205 Pohlio
547 1175 595 1215 ⁸),
630 1176 715 1206 Viro
736 1176 877 1214 Illustri,
911 1177 1014 1217 deque
1034 1177 1149 1208 iisdem
1168 1176 1284 1207 litteris
1303 1176 1425 1217 optime
1444 1175 1572 1205 merito.

309 1230 349 1261 Id
370 1230 476 1260 solum
496 1229 597 1269 igitur
616 1236 743 1261 certum
764 1237 827 1268 est,
859 1231 1002 1263 frustum
1028 1237 1179 1262 nostrum
1198 1237 1273 1272 post
1293 1230 1467 1272 Theophili
1487 1236 1575 1261 tem-

312 1296 394 1326 pora
422 1296 490 1315 esse
517 1285 771 1324 concinnatum3
815 1287 879 1318 alia
906 1288 1016 1319 omnia
1049 1287 1090 1322 de
1122 1292 1254 1318 auctore
1283 1286 1444 1328 huiusque
1471 1290 1576 1315 aetate

310 1340 465 1382 ignorari.

390 1397 557 1438 Superest,
588 1403 626 1428 vt
647 1397 687 1428 de
706 1398 834 1429 inuenti
854 1398 992 1430 vtilitate
1012 1408 1119 1440 pauca
1140 1397 1340 1429 adiiciamus.
1382 1397 1493 1438 Quam
1513 1396 1573 1427 etsi

312 1452 523 1491 intelligimus
543 1452 679 1481 minime
700 1454 883 1494 comparari
906 1464 996 1494 posse
1023 1464 1099 1484 cum
1118 1453 1317 1495 praestantia
1338 1453 1477 1484 aliorum
1498 1463 1573 1483 mo-

313 1513 548 1539 numentorum
569 1508 688 1538 nostris
710 1509 822 1539 diebus
843 1508 880 1539 in
899 1509 1006 1540 lucem
1025 1514 1282 1550 protracturum,
1315 1508 1410 1546 adeo,
1436 1513 1473 1539 vt
1493 1507 1573 1538 haec

314 1564 387 1606 ipsa
408 1563 487 1594 solia
507 1563 542 1593 in
565 1563 620 1601 iis,
647 1574 730 1605 quae
752 1563 962 1595 celeberrimi
980 1564 1063 1595 Maii
1083 1563 1270 1604 vigilantiae
1290 1564 1467 1600 debentur,
1493 1562 1573 1594 infi-

314 1630 408 1651 mum
429 1619 512 1650 forte
533 1620 642 1652 locum
663 1625 837 1662 occupent,
858 1625 984 1658 tamen,
1011 1619 1037 1650 si
1056 1620 1155 1663 plane
1176 1619 1301 1650 nullam
1322 1630 1390 1650 esse
1410 1629 1575 1659 negemus,

367 1759 394 1790 y)
418 1758 451 1782 T.
466 1757 513 1782 v1.
536 1766 564 1790 p.
585 1759 640 1790 ¹39·
1028 1757 1054 1788 a)
1081 1757 1124 1781 Aa
1142 1758 1196 1781 10⁸.
1212 1757 1318 1781 Mariae
1340 1757 1468 1782 Suum
1491 1753 1573 1779 Nou-

364 1800 389 1832 ι)
414 1799 607 1825 Memorabilia
625 1808 656 1825 ex
675 1798 793 1826 Scholiis
812 1797 912 1824 Basili-
976 1798 1043 1824 tiam
1072 1798 1253 1825 Basilicomm
1281 1800 1305 1832 §.
1334 1807 1375 1824 ao.
1402 1800 1461 1840 not.
1488 1805 1519 1821 ω.
1545 1804 1573 1830 p.

318 1849 411 1867 corum
428 1851 454 1867 v.
469 1843 615 1868 Theodorus
633 1842 864 1876 (Hermopolites);
882 1842 912 1868 in
979 1843 1010 1874 73
1024 1855 1056 1862 —
1072 1842 1112 1875 76.

321 1882 471 1907 'rasorium
489 1884 521 1909 T.
538 1884 572 1910 11.
589 1894 617 1918 p.
637 1886 709 1911 1240.
727 1893 768 1919 sq.
