1857 2542
286 452 333 501 In
354 468 420 499 dies
440 467 547 510 pergit
567 466 712 508 Angelus
732 465 856 503 Maius,
884 465 949 498 Vir
970 464 1222 503 celeberrimus,
1247 465 1456 500 bibliothecae
1478 481 1540 502 no-

287 525 471 562 bilissimae,
493 524 546 554 cui
566 529 702 565 praeest,
723 523 846 554 loculos
869 521 1062 553 excutiendo
1084 527 1124 558 et,
1146 532 1228 562 quae
1247 533 1315 553 non
1333 524 1451 555 minori
1470 526 1540 556 for-

289 588 385 619 tuna,
408 591 506 621 quam
527 580 669 610 sollertia
690 586 722 610 et
743 578 915 620 sagacitate
934 588 1011 607 vsus
1032 578 1169 615 inuenit,
1191 589 1210 608 a
1231 578 1386 610 diuturno
1407 580 1541 612 interitu

286 637 322 668 in
348 637 449 669 vitam
483 636 666 668 reuocando
701 637 741 668 de
773 635 912 677 antiquis
943 634 1058 666 litteris
1091 635 1257 677 praeclare
1292 636 1421 667 mereri.
1474 637 1540 677 Qui

287 693 377 725 enixi
398 692 496 724 studii
517 692 641 724 fructus
661 699 789 725 tantum
810 693 914 729 abest,
944 697 981 723 vt
1000 691 1087 722 intra
1110 691 1190 722 fines
1213 702 1325 722 earum
1345 693 1538 733 litterarum,

288 749 403 790 quibus
424 750 594 791 proprium
614 760 734 780 nomen
755 756 803 780 est
823 750 863 779 ab
885 748 1105 786 humanitate,
1127 748 1371 786 contineantur,
1392 756 1429 780 vt
1448 751 1538 780 nulla

286 806 355 836 fere
382 817 434 836 ars
461 806 503 837 sit
530 807 583 836 vel
609 806 793 848 disciplina,
833 805 1071 847 praesidiorum
1099 804 1298 845 antiquitatis
1329 804 1415 835 haud
1441 806 1539 847 plane

286 874 416 904 expers,
445 863 497 893 cui
518 874 585 893 non
606 863 646 893 ab
666 863 876 893 inuentorum
895 862 1187 894 Mediolanensium
1208 861 1352 892 claritate
1373 862 1454 893 lucis
1476 864 1538 893 ali-

287 918 363 959 quid
394 918 570 948 adfulserit.
603 937 605 939 -
627 919 720 959 Quae
748 929 849 960 quum
875 918 921 948 ita
955 918 1034 955 sint,
1067 916 1189 946 nemini
1217 916 1339 947 mirum
1365 917 1536 952 videbitur.

286 974 385 1004 etiam
405 974 440 1003 in
461 974 540 1004 iuris
561 974 751 1011 doctrinam,
772 974 799 1004 si
820 985 883 1016 qua
904 974 976 1010 alia,
996 972 1206 1003 humanitatis
1226 972 1337 1003 studiis
1358 974 1537 1005 arctissimo

287 1030 417 1061 vinculo
443 1040 578 1066 nexam,
616 1030 793 1071 plurimum
821 1030 966 1061 vtilitatis
995 1040 1037 1059 ex
1064 1028 1120 1058 illa
1146 1033 1330 1070 temporum
1350 1036 1538 1062 nostrorum

287 1086 529 1129 opportunitate
555 1085 767 1124 redundasse3
798 1086 838 1116 de
860 1097 924 1128 qua
941 1096 977 1116 re
998 1084 1065 1116 iam
1083 1095 1125 1115 ex
1154 1095 1220 1115 vno
1243 1084 1538 1125 pulcherrimorum

241 1184 243 1186 Ι
286 1146 573 1181 monumentorum
592 1142 764 1174 Tullianae
785 1142 1002 1186 eloquentiae,
1024 1141 1106 1173 Maii
1129 1141 1283 1173 beneficio
1306 1142 1345 1173 ab
1367 1143 1538 1174 obliuiouis

287 1199 408 1230 iniuria
428 1199 675 1235 vindicatorum,
696 1199 845 1239 exemplo
866 1198 942 1229 satis
963 1204 1110 1228 constare
1131 1198 1362 1229 existimamus.
1404 1200 1539 1240 Nuper-

287 1254 370 1286 rime
396 1259 504 1285 autem
531 1253 654 1285 factum
681 1259 744 1292 est,
785 1259 822 1284 vt
849 1254 991 1285 eiusdem
1018 1253 1095 1285 Viri
1124 1252 1164 1282 ad
1192 1252 1353 1293 augendas
1381 1252 1541 1284 litteratae

289 1311 488 1351 antiquitatis
510 1311 618 1352 copias
639 1310 708 1340 nati
727 1310 887 1340 industria
912 1311 1069 1341 incideret
1095 1310 1131 1339 in
1156 1309 1298 1340 frustum
1314 1309 1539 1350 iurispruden-

290 1367 354 1396 tiae
376 1367 537 1403 Graecae,
576 1366 639 1406 ipsi
665 1365 809 1395 scholion
835 1366 1048 1396 Basilicorum
1076 1366 1197 1401 visum,
1234 1365 1320 1403 quod
1348 1366 1388 1394 ad
1416 1367 1537 1396 calcem

289 1421 532 1463 Opusculorum
552 1420 697 1451 Philonis
719 1430 756 1450 ac
776 1420 968 1462 Porphyrfi,
999 1420 1111 1451 itidem
1139 1419 1298 1461 superiori
1325 1431 1411 1452 anno
1437 1421 1478 1452 ab
1499 1433 1538 1453 eo

287 1477 353 1508 luci
372 1476 572 1507 redditorum
584 1474 621 1513 ¹),
643 1485 754 1515 graece
773 1475 921 1506 exhibuit
938 1476 1120 1516 notulisque
1138 1475 1261 1517 aliquot
1280 1476 1492 1517 locupletauit
1501 1476 1540 1517 t’),

340 1575 366 1606 a)
384 1573 513 1599 Pmoms
531 1571 626 1597 Iudaei
643 1570 677 1596 de
693 1571 792 1596 virtute
810 1570 883 1596 eius-
948 1571 1100 1598 Mediolani
1122 1572 1203 1606 regiis
1225 1573 1297 1607 typis
1317 1571 1389 1598 1816.
1411 1573 1436 1598 8.
1459 1582 1540 1608 pagg.

289 1624 342 1650 que
349 1615 481 1650 partibus.
494 1614 602 1640 Inuenit
612 1618 637 1639 ct
648 1614 836 1647 interpretatus
844 1617 884 1638 est
948 1615 1053 1640 LXXX.
1067 1619 1092 1640 et
1103 1616 1144 1640 28.
1163 1616 1318 1640 Ponrnvun
1334 1615 1489 1649 Philosophi
1505 1617 1540 1642 ad

289 1659 409 1692 Angelus
426 1658 526 1687 vas,
545 1657 577 1681 A.
595 1656 626 1682 C.
644 1656 677 1681 D.
696 1655 882 1687 (Ambrosiam
948 1656 1241 1687 Marcellam.1nuenit‚
1255 1658 1478 1691 interpretatione
1486 1668 1541 1684 no-

292 1700 406 1733 Collegii
420 1700 534 1731 Doctor)
545 1698 735 1734 ‘Praeponitur
745 1698 881 1722 Disserta-
945 1699 1035 1732 tiaque
1051 1698 1200 1724 declar-nuit
1215 1700 1337 1732 Angelus
1355 1700 1454 1726 MArvs.
1478 1702 1541 1727 Ad-

290 1745 329 1770 tio
347 1751 409 1768 cum
422 1741 605 1774 descriptione
621 1740 758 1766 librorum
776 1739 883 1773 aliquot
948 1740 1020 1767 cedit
1028 1741 1147 1767 eiusdem
1159 1741 1314 1767 Pomm-1111
1326 1742 1461 1775 poeticum
1470 1744 1542 1769 Fra-

291 1785 494 1818 incognitorum
512 1782 635 1807 Philonis
658 1789 775 1814 cumque
794 1782 884 1815 parti-
948 1786 1096 1816 gmentum.
1120 1783 1272 1808 Mediolani
1290 1784 1370 1816 regiis
1384 1785 1456 1817 typis
1472 1787 1544 1810 1816.

293 1828 345 1853 bus
362 1825 503 1852 nonnullis
526 1823 657 1849 Chronici
679 1823 774 1849 inediti
796 1824 884 1849 Em·
948 1826 972 1850 8.
990 1833 1068 1858 pagg.
1088 1826 1159 1851 vm.
1178 1830 1202 1850 et
1220 1826 1259 1850 68.

293 1878 329 1895 nn
348 1867 483 1902 Pamphili
505 1870 531 1891 et
552 1865 668 1891 aliorum
691 1873 805 1900 operum
823 1866 885 1892 No·
998 1866 1027 1900 b)
1046 1868 1109 1901 Peg.
1128 1868 1245 1901 65—67.
1262 1866 1396 1901 Opuseuli
1413 1868 1546 1903 Porphy-

292 1913 351 1937 utin
381 1920 395 1936 e
423 1909 570 1937 Codicibus
599 1909 767 1934 Armeniacis
793 1909 885 1942 petita.
948 1910 1030 1935 riaui.

1076 1949 1149 1981 A2
