1857 2542
844 259 1119 283 —XVI—

361 339 394 367 in
422 332 588 366 Glossario
616 330 840 363 Briesoniano-
854 331 1044 373 Glossisque
1075 331 1211 363 nomicis
1243 332 1390 363 consulto
1419 339 1495 364 sunt
1522 335 1621 366 oblit-

361 395 470 419 tcrata.

439 443 549 484 Atque
564 442 643 473 haec
661 442 792 484 quidem
807 452 883 473 eum
902 443 1107 485 potissimum
1126 443 1161 475 in
1182 442 1280 473 finem
1300 442 1543 486 praemisimus,
1572 448 1618 481 vt,

358 511 440 542 quae
462 500 505 531 sit
524 499 699 539 fragmenti
721 499 862 535 indoles,
894 499 1022 530 facilius
1049 500 1273 542 perspiciatur.
1328 499 1424 530 Patet
1445 504 1554 530 autem
1575 509 1618 530 ex

357 556 510 586 vniuersa
543 554 699 584 orationis
730 553 828 590 serie,
863 560 1044 591 auctorem,
1080 554 1224 595 quisquis
1258 554 1374 589 fucrit,
1408 554 1441 584 id
1474 554 1617 584 maxime

357 614 471 655 egisse,
494 617 529 643 vt
549 611 658 642 locum
679 608 719 639 de
740 608 987 649 acceptilatione
1008 609 1100 651 eique
1119 616 1256 652 cognata
1273 609 1480 652 stipulatione
1496 609 1619 655 Aquil-

354 670 440 699 liana
469 665 734 696 commentariolo
759 662 869 704 aliquo
897 665 1085 696 illustraret.
1133 667 1249 702 Vnde,
1281 677 1383 706 quum
1403 666 1439 696 in
1460 666 1514 703 iis,
1537 676 1616 706 quas

354 724 412 754 sub
432 721 561 752 initium
584 718 767 760 scriptionis
795 719 1003 750 adumbratas
1024 720 1143 761 magis,
1170 731 1268 760 quam
1289 720 1375 750 iusto
1404 726 1435 750 et
1456 715 1627 751 concinno*

352 780 465 812 ordine
491 776 668 818 expositas,
696 774 834 815 legimus
865 775 1100 817 obligationum
1127 775 1197 807 siue
1224 775 1522 809 contrahendarum
1548 777 1618 808 siue

349 833 629 865 dissoluendarum
651 830 789 866 formas,
817 831 915 862 cardo
942 832 991 862 rei
1022 832 1158 862 minime
1188 837 1353 869 versetur,
1382 832 1493 872 vtique
1522 832 1619 872 igno-

351 889 508 921 scendum
530 892 578 917 est
599 886 739 922 auctori,
761 886 849 926 quod
869 886 904 916 in
926 886 1110 918 adferendis
1125 887 1251 917 duabus
1267 886 1502 927 obligationum
1517 897 1612 917 caus·

348 946 391 977 sis
413 942 607 980 substiterit,
629 952 734 982 neque
755 952 884 980 earum,
911 953 994 983 quae
1021 943 1074 974 vel
1101 954 1143 974 ex
1169 942 1345 980 maleficio,
1374 942 1428 973 vel
1456 943 1549 984 quasi
1569 954 1611 974 ex

348 1001 507 1035 maleficio
535 997 729 1040 repetendae
755 997 836 1034 siut,
864 999 1065 1029 mentionem
1086 998 1209 1029 fecerit.
1258 997 1391 1029 Pridem
1412 998 1500 1028 enim
1520 1009 1613 1029 rece-

346 1065 439 1102 ptum
467 1056 592 1091 suerat,
621 1059 658 1085 vt
684 1052 831 1085 doctrina
858 1053 897 1084 de
918 1054 1039 1093 modis,
1070 1053 1187 1096 quibus
1209 1054 1371 1087 tolluntur
1391 1053 1613 1095 obligationes,

346 1113 565 1145 contractibus
587 1116 619 1141 et
645 1109 797 1151 negotiis,
827 1120 909 1150 quae
937 1110 1028 1151 quasi
1055 1110 1091 1141 in
1122 1116 1351 1142 contractuum
1385 1121 1522 1141 numero
1549 1111 1611 1142 ha-

343 1172 481 1213 bentur,
516 1166 667 1210 proxime
688 1165 920 1204 subiiceretnr‚
964 1172 996 1197 et
1016 1166 1124 1198 media
1144 1166 1231 1198 inter
1248 1167 1308 1198 has
1330 1177 1367 1196 ac
1388 1166 1529 1207 reliquas
1551 1167 1612 1198 ob-

344 1226 538 1265 ligationum
559 1232 689 1252 caussas
710 1222 941 1258 collocaretur3
966 1233 1064 1262 quem
1085 1222 1234 1254 ordinem
1254 1233 1323 1253 non
1344 1222 1476 1253 demum
1495 1222 1531 1252 in
1552 1223 1610 1254 Iu-

345 1278 494 1314 stiniani,
527 1276 582 1306 sed
609 1276 744 1306 iamiam
770 1276 807 1306 in
834 1276 906 1307 Caii
926 1277 1188 1308 Institutionibus
1218 1283 1385 1307 seruatum
1412 1276 1511 1308 fuisse
1533 1278 1610 1308 satis

344 1340 470 1367 constat
485 1333 525 1375 “).
576 1332 670 1371 Quae
697 1331 873 1370 singularis
904 1333 1092 1374 argumenti
1119 1332 1269 1363 tractatio
1295 1337 1422 1369 vnum,
1456 1332 1498 1362 ad
1526 1333 1611 1373 quod

343 1389 553 1423 statuendum
572 1397 686 1419 sumus
706 1386 939 1427 proclimores,
965 1387 1103 1419 ,seorsim
1127 1387 1244 1420 litteris
1276 1386 1431 1420 mandata
1461 1386 1609 1426 fueriv).

343 1458 386 1478 an
407 1443 539 1476 maioris
561 1442 667 1483 operis
688 1447 816 1482 partem
838 1442 1057 1480 constituerit,
1088 1443 1149 1473 etsi
1177 1442 1324 1473 decidere
1351 1442 1520 1480 nolumus,
1556 1450 1609 1474 ta-

343 1512 421 1534 men
444 1497 633 1530 Clarissimo
654 1496 745 1526 Maio
766 1507 835 1527 non
855 1498 958 1538 magis
985 1498 1162 1528 concedere
1187 1508 1376 1539 possumus,
1409 1498 1517 1529 locum
1537 1510 1609 1530 eam

341 1582 543 1595 ...—---

391 1640 414 1670 s)
446 1635 509 1661 Vid.
535 1636 610 1659 Gust.
631 1634 725 1660 Theod.
743 1636 812 1660 [aad.
837 1635 943 1662 MAan-

343 1689 416 1710 Ζοιι,
436 1678 497 1704 Viri
512 1677 722 1708 consultissimi,
741 1677 847 1703 Comm.
861 1685 941 1710 egre-

342 1724 384 1756 gia
402 1722 436 1748 de
455 1720 552 1746 ordine
570 1719 775 1745 Institutionum
799 1720 940 1753 (Gotting.

343 1766 412 1792 1815.
430 1765 471 1797 4.)
490 1771 517 1797 p.
535 1764 576 1788 42.
594 1769 636 1795 sq.

390 1850 415 1880 t)
448 1849 511 1873 Non
528 1853 603 1873 caret
619 1848 660 1873 ins
679 1847 939 1875 Postiustinianeum

342 1898 467 1924 graecum
480 1889 609 1923 exemplis
622 1889 758 1915 librorum
775 1889 892 1920 minimi,
910 1893 940 1913 vt

341 1934 379 1959 ita
397 1931 502 1962 dicam,
525 1931 645 1962 moduli,
667 1932 766 1964 quibus
789 1931 857 1956 adeo
874 1938 939 1965 gn-

1009 1636 1099 1661 viores
1116 1635 1170 1661 l-oci
1193 1643 1245 1670 pro
1268 1643 1346 1661 more
1370 1636 1430 1661 aeui
1450 1636 1484 1661 ad
1501 1637 1606 1662 maior·

1007 1678 1149 1703 molienda
1171 1686 1270 1712 parum
1294 1677 1387 1703 idonei
1416 1678 1447 1703 in
1470 1686 1605 1712 compen-

1007 1721 1084 1746 dium
1097 1720 1198 1746 redacti
1212 1723 1284 1752 sunt,
1302 1720 1456 1746 cuiusmodi
1469 1725 1507 1746 est
1520 1729 1608 1754 opus-

1006 1762 1100 1788 culum
1118 1762 1253 1788 ineditum
1270 1763 1389 1789 duorum
1408 1763 1539 1787 soliorum
1552 1763 1603 1789 sub

1005 1804 1099 1830 titulo:
1130 1803 1202 1836 ,,ει’σὶ
1220 1805 1250 1831 ἓν
1272 1804 1381 1839 συνόψει
1397 1803 1428 1830 αἶ
1441 1804 1539 1837 drowa)
1557 1809 1602 1831 καὶ

1005 1846 1037 1873 m‘
1049 1848 1169 1881 ροπαὶ,“
1190 1848 1220 1872 in
1237 1846 1307 1873 eod.
1325 1846 1386 1872 MS.
1404 1845 1530 1874 Prochiti
1547 1848 1603 1873 Ba—

1004 1889 1112 1920 sitiant,
1139 1897 1221 1922 quem
1239 1891 1331 1913 utun
1347 1886 1514 1914 bibliotheca
1531 1889 1601 1915 Am-

1003 1931 1120 1964 pliuimi
1137 1931 1253 1956 Senauu
1271 1929 1431 1963 Lipsiensis,
1449 1929 1574 1961 obuium.
