1857 2542
681 272 945 297 ...xv-

185 345 258 385 pius
285 351 397 375 noster
422 343 544 374 recedit
568 352 588 372 a
608 342 784 384 Theophili
805 342 1054 380 consuetudine,
1082 342 1184 373 verba
1203 343 1323 379 latina,'
1359 350 1446 383 quae

186 400 263 432 artis
286 405 379 439 sunt,
414 404 472 430 aut
491 397 669 437 retinendi,
703 403 760 430 aut
781 397 955 429 dumtaxat
981 408 1096 439 graeca
1121 406 1209 431 veste
1228 397 1385 431 induendi
1395 396 1445 436 ῆς

187 457 243 488 sed
262 458 454 498 plerumque
476 461 676 486 commutare
697 454 852 485 dictiones
872 455 989 485 latinas
1008 456 1090 485 solet
1106 466 1181 486 cum
1198 456 1334 496 graecis,
1354 455 1446 485 velut

187 510 470 557 acceptilationem
490 506 663 549 α’θιιίωσιν,
691 510 884 542 solutionem
904 510 1095 553 καταβολήν
1117 516 1174 542 aut
1193 509 1357 549 διάλυσιν,
1386 519 1446 540 νιο-

187 568 353 600 vationem
372 564 569 609 μετάθεσιν,
587 577 672 608 pure
691 566 841 609 καθαρόν
859 568 1040 607 reddendo,
1062 575 1135 607 aut,
1156 580 1236 610 quas
1257 565 1446 608 adspernari

185 633 282 652 ausus
303 632 372 652 non
399 628 463 659 est,
494 632 609 662 graeca
628 623 742 653 saltem
763 622 1031 664 interpretatione
1051 625 1232 663 illustrare,
1262 620 1443 653 cuiusmodi

189 682 238 708 est
267 676 441 719 explicatio
462 677 586 710 adiecta
612 680 641 719 §.
661 678 692 710 4.
711 678 854 710 vocibus
880 680 1002 722 partim
1029 691 1143 722 graeca
1171 681 1301 723 quidem
1328 678 1447 716 forma,

190 733 246 764 sed
267 744 416 765 sermone
435 734 537 765 latino
559 735 729 776 expressis,
750 736 871 777 partim
891 736 1080 778 simpliciter
1099 737 1223 768 latinis:
1250 736 1373 778 βέρβις,
1396 733 1447 766 λί-

187 801 290 831 τερις,
312 789 483 829 κονσὲνσο,
505 800 544 820 ex
564 796 774 830 testamento,
794 791 1021 833 acceptilatio,
1043 799 1101 824 aut
1121 794 1150 834 §.
1170 795 1199 825 5.
1220 791 1444 826 «renovavimus,

189 851 246 875 aut
263 846 291 885 §.
305 845 334 876 6.
356 843 588 886 ἐνοβοίτευσεν,
609 847 643 878 ἰν
654 847 735 888 ῥὲμ,
755 845 964 888 aspernandam.
994 848 1069 889 Qua
1081 849 1117 879 in
1131 860 1168 879 re
1180 849 1242 890 ipsi
1255 848 1353 889 plane
1365 854 1447 875 con-

189 900 279 931 venit
291 911 367 931 cum
379 900 491 931 ceteris
504 899 584 931 iuris
602 901 707 942 graeci
719 901 948 943 interpretibus
962 902 1145 946 Theophila
1160 901 1394 935 recentioribus
1405 898 1446 939 ¹¹),

194 966 308 997 graeca
334 956 443 987 latinis
476 962 604 988 tantum
637 968 705 988 non
742 957 862 999 vbique
892 959 1175 999 sub-«intuentibus,
1213 966 1270 991 aut
1296 965 1444 1000 graecam

190 1012 301 1043 saltem
332 1012 632 1055 interpretationem
656 1013 825 1055 diligenter
852 1014 1076 1054 addentibus?
1097 1029 1206 1055 more,
1243 1022 1281 1047 vt
1306 1013 1446 1049 videtur,

192 1068 306 1104 seculi,
328 1069 430 1109 quod,
451 1080 515 1110 quo
536 1069 664 1109 longius
692 1080 712 1099 a
732 1070 931 1102 Iustinianeo
952 1082 1034 1103 aeuo
1062 1072 1182 1111 abfuit,
1212 1083 1250 1103 eo
1270 1069 1373 1110 magis
1392 1068 1446 1099 Ia·-

193 1124 261 1153 tiua
282 1123 381 1163 fugit,
412 1134 526 1163 graeca
547 1124 701 1165 captauit.
750 1125 814 1155 Sed
835 1136 877 1156 ex
902 1126 1040 1157 aduerso
1064 1127 1100 1157 in
1121 1138 1160 1158 eo
1180 1133 1303 1163 noster,
1333 1124 1448 1155 Theo-

193 1179 276 1222 phili
294 1179 461 1221 exemplo,
482 1179 625 1210 tenacior
641 1179 705 1211 fuit
724 1181 924 1221 antiquitatis
943 1182 1013 1213 aliis
1031 1183 1142 1214 aetatis
1160 1193 1237 1213 suae
1252 1179 1447 1213 hominibus,

191 1235 277 1276 quod
297 1234 455 1266 formulas
476 1234 693 1276 stipulationis
714 1234 922 1276 Aquillianae
941 1242 974 1267 et
993 1236 1246 1279 acceptilationis
1266 1236 1380 1278 plane,
1408 1237 1446 1262 vt

195 1303 215 1322 a
232 1291 415 1333 Theophilo
436 1302 490 1322 eas
512 1297 696 1332 acceperat,
724 1293 901 1332 expres-sit,
928 1303 971 1322 ne
990 1293 1123 1323 mutatis
1144 1293 1273 1333 quidem
1293 1298 1451 1332 persona-

194 1357 269 1376 rum
284 1346 545 1376 contrahentium
562 1346 747 1376 nominibus
765 1347 972 1377 sollemnibus
988 1346 1037 1387 ¹),
1071 1357 1154 1388 quae
1175 1352 1242 1377 tam
1263 1346 1298 1377 in
1319 1344 1448 1377 scholio

195 1402 420 1437 Basilicarum,
446 1401 532 1441 quod
563 1412 662 1442 supra
688 1411 763 1432 cum
789 1406 901 1431 nostro
921 1401 1102 1441 fragmento
1123 1402 1329 1438 contulimus,
1351 1409 1450 1442 quam

245 1563 274 1597 p)
296 1563 338 1588 De
356 1570 410 1595 qua
427 1561 546 1587 adeundi
563 1566 628 1587 sunt
649 1564 690 1588 Ῑο.
708 1564 790 1587 Henr.

197 1605 307 1631 mvnvs
320 1606 349 1630 in
361 1604 482 1630 Historia
496 1604 643 1638 Theophili
653 1613 676 1630 c.
691 1606 715 1630 6.
729 1606 752 1637 §.
766 1613 790 1630 2.

198 1648 231 1673 Τ.
248 1647 282 1672 11.
300 1646 340 1671 ed.
358 1647 442 1671 Reitz.
459 1655 486 1680 p.
506 1647 578 1672 1068.
594 1654 635 1680 sq.
660 1647 790 1672 Rurzrvn

198 1690 255 1724 ipse
272 1689 301 1714 in
318 1688 408 1714 Praes.
424 1688 460 1714 ad
477 1688 601 1722 Theoph.
618 1689 642 1720 §.
659 1690 700 1714 44.
719 1689 751 1714 T.
769 1688 790 1714 1.

198 1741 227 1765 p.
245 1731 341 1757 XXVI.
358 1735 385 1755 et
400 1731 423 1762 §.
438 1730 479 1755 48.
496 1738 524 1763 p.
537 1730 659 1755 xxvm.
676 1735 703 1755 et
717 1730 792 1755 Phil.

199 1773 296 1799 Bernh.
318 1772 429 1803 chzx,
461 1773 512 1797 Vir
527 1771 734 1807 Amplissimus,
762 1773 793 1798 in

201 1817 255 1842 den
273 1815 481 1848 Bemerkungen
505 1815 576 1840 uber
597 1816 645 1840 das
667 1815 795 1841 Zeitalter

200 1859 259 1884 und
276 1859 320 1884 die
336 1858 550 1883 Institutionen—
560 1857 730 1891 Paraphrase
746 1858 793 1882 deu

202 1899 374 1933 Theophilus
390 1900 459 1925 Seet.
476 1899 523 1924 tv.
543 1908 571 1933 p.
589 1901 629 1924 41.
646 1907 687 1932 sq.

250 1943 279 1974 q)
301 1941 436 1975 Aequales
454 1942 527 1967 enim
544 1941 699 1975 Theophilo
715 1949 794 1967 eum-

857 1561 920 1587 dem
937 1569 1052 1594 morem,
1071 1562 1156 1588 latina
1172 1561 1320 1592 retinendi,
1342 1566 1450 1585 seruas-

857 1612 898 1636 se,
929 1604 1024 1629 multis
1055 1604 1184 1639 exemplis
1208 1605 1300 1630 docuit
1322 1604 1451 1629 Briau-s

857 1646 1082 1672 Memorabilium
1098 1654 1130 1672 ex
1154 1641 1272 1672 Scholiis
1289 1645 1397 1672 Basilic.
1419 1643 1451 1669 T.

856 1689 889 1714 11.
908 1697 936 1722 p.
957 1690 1028 1721 ¹²37·

904 1731 931 1763 r)
954 1731 1031 1763 Quae
1053 1730 1126 1764 apud
1149 1735 1274 1755 nostrum
1295 1731 1452 1754 constanter

858 1770 1011 1798 efferamur
1027 1770 1187 1808 ’Λγιροιῗχιος
1201 1776 1226 1799 et
1241 1769 1360 1807 ’.Eyldaoffi
1377 1768 1451 1795 vnde

858 1815 928 1840 forte
952 1816 1012 1848 quis
1036 1816 1219 1841 coniecturam
1241 1816 1343 1848 capiat,
1375 1813 1454 1847 prius

858 1865 961 1882 nomen
982 1865 1040 1882 non
1061 1861 1116 1882 tam
1140 1857 1175 1882 ab
1199 1858 1297 1882 actoris
1318 1854 1453 1889 partibus,

857 1906 941 1931 quam
960 1898 996 1924 al»
1014 1900 1073 1933 agri
1088 1896 1259 1934 possessione
1276 1896 1455 1933 repetendum

858 1948 922 1966 esse.
