1857 2542
737 200 785 208 -·
833 192 918 217 1111
967 200 1019 209 -·

248 271 283 297 vt
298 264 465 297 commode
481 264 619 295 alterum
636 275 678 295 ex
699 265 800 296 altero
821 265 967 307 suppleri
986 266 1090 308 possit
1110 273 1207 308 atque
1224 267 1393 299 illustrari.
1416 270 1506 311 Qui—

246 322 305 352 bus
333 321 482 352 omnibus
496 321 679 362 ·diligenter
706 321 855 363 expensis
884 327 916 352 et
941 322 1086 354 inuicem
1112 324 1253 363 collatis,
1283 325 1416 357 tandem
1436 337 1501 357 no-

242 378 290 409 bis
316 378 423 409 visum
448 384 497 408 est
516 373 751 418 fragmentum,
780 388 980 419 quamquam
1003 378 1242 421 Theophilinae
1263 392 1381 422 operae
1409 382 1501 413 velut

242 445 342 464 ouum
360 445 423 464 ouo
444 433 655 471 simillimum,
677 439 787 463 tamen
807 439 878 464 tum
898 444 918 463 a
942 422 1033 463 fonte
1053 445 1121 471 suo,
1142 424 1214 465 turn
1231 446 1250 465 a
1267 437 1379 467 ceteris
1396 438 1497 468 iuris—

238 489 432 531 prudentiae
465 498 597 529 graecae
622 489 857 527 monumentis,
891 499 973 529 quae
1001 495 1139 520 aetatem
1165 490 1326 529 tulerunt,
1351 491 1398 521 ita
1428 491 1496 522 dis-

237 556 388 589 crepare,
408 550 444 576 vt
457 544 591 585 dignum
606 545 739 576 omnino
758 544 875 583 fuerit,
896 545 984 586 quod
1003 546 1155 587 publicae
1174 547 1241 578 luci
1261 553 1491 588 exponeretur.

319 602 382 632 Cui
407 606 518 631 nostro
545 602 666 631 iudicio
693 607 730 631 vt
749 600 847 631 fidem
867 601 1040 638 faciamus,
1075 603 1166 632 lubet
1186 608 1262 632 ante
1283 604 1392 633 omnia
1414 615 1494 644 pro-

240 667 357 688 vocare
379 656 420 687 ad
441 668 494 696 ea,
515 669 598 699 quae
617 658 653 688 in
674 656 855 696 fragmento
876 657 972 697 plane
992 663 1069 687 sunt
1088 657 1284 697 singularia,
1315 669 1376 688 nec
1396 658 1492 689 facile

237 713 324 753 apud
346 713 424 743 alios
451 724 469 743 e
494 714 615 753 graecis
641 711 871 753 interpretibus
892 712 1004 742 obuia:
1035 713 1297 753 compendiosam
1317 713 1353 743 in
1373 714 1489 754 primis

235 769 442 807 breuitatem,
474 779 538 810 qua
559 779 635 799 vsus
652 773 700 798 est
720 772 833 797 auctor
853 772 924 798 tum
943 767 979 797 in
1001 767 1223 798 consociandis
1245 768 1314 798 sine
1336 769 1488 810 exemplo

231 826 326 857 rebus
355 826 433 856 alias
462 836 522 866 per
548 825 690 856 maxime
718 823 843 854 dissitas
870 823 1034 854 doctrinae
1064 829 1173 864 partes
1202 823 1287 855 tradi
1320 825 1420 855 solitis
1440 824 1482 865 ¹¹),

232 888 302 913 tum
322 882 356 912 in
378 881 562 922 colligendis
583 887 615 912 et
640 892 706 911 vno
733 886 845 911 tenore
866 879 1055 911 definiendis
1082 886 1221 921 quatuor
1252 887 1481 912 contractuum

229 939 399 980 generibus
422 939 465 980 (§.
490 939 548 979 1.)‚
583 938 722 980 denique
741 938 777 968 in
796 937 938 968 ineundo
959 949 1096 969 numero
1117 938 1365 979 obligationum,
1396 949 1480 979 quae

229 995 320 1035 quasi
341 1005 382 1025 ex
403 1000 569 1025 contractu
591 994 782 1024 descendere
802 993 1036 1034 intelliguntur,
1057 995 1172 1035 procul
1193 995 1301 1031 dubio,
1322 1000 1358 1024 vt
1378 995 1478 1024 etiam

224 1049 379 1080 hactenus
405 1049 612 1091 propriorum
640 1054 866 1079 contractuum
898 1049 1089 1079 varietatem
1124 1055 1302 1090 aequarent
1329 1050 1379 1089 (§.
1403 1049 1476 1088 2.);

227 1105 313 1145 quod
338 1104 467 1145 quidem
494 1116 566 1134 eam
592 1104 661 1135 vim
687 1097 815 1141 habuit,
851 1110 887 1134 vt
912 1104 1047 1136 indebiti
1075 1106 1195 1136 mentio
1224 1105 1479 1146 supprimeretur

225 1159 321 1191 simili
341 1159 429 1197 labe,
450 1160 577 1201 qualem
597 1160 742 1196 libellus,
762 1159 957 1200 Brachylogi
972 1161 1104 1191 nomine
1119 1166 1230 1200 notus,
1252 1161 1287 1190 iu
1304 1160 1476 1201 obligatio—

221 1328 267 1345 cns
289 1321 455 1346 verbotenus
477 1322 605 1354 repetitus
627 1321 726 1354 legitur
741 1321 815 1346 inter

222 1363 330 1388 Glossas
336 1364 451 1387 uomicas
460 1371 486 1387 v.
498 1361 682 1394 ,foot-i'havr)
688 1361 735 1387 οὐκ
741 1363 810 1388 ἔστιν

217 1403 329 1439 α’γωγή“
350 1415 374 1431 κ.
390 1415 415 1430 τ.
433 1403 455 1429 λ.
487 1405 519 1429 Τ.
537 1404 583 1429 111.
609 1404 690 1430 Thes.
713 1404 809 1429 Otton.

216 1456 244 1481 p.
264 1455 334 1479 1710.
351 1454 392 1479 sq.
410 1451 502 1480 postea
519 1446 612 1471 itidem
630 1454 645 1471 a
662 1445 808 1471 vacnr-

214 1497 329 1514 :ixzvnuo
343 1488 361 1514 l.
375 1488 392 1513 l.
410 1498 437 1523 p.
452 1490 489 1514 15.
504 1488 681 1519 emendatus.)
700 1487 808 1512 Glossae

214 1532 330 1557 uomicae
352 1541 396 1556 vv.
417 1530 644 1561 Ἀκκιπτιλατίων,
667 1530 707 1562 (in
726 1529 806 1555 Thes.

212 1572 268 1598 Oti.
288 1573 319 1598 Τ.
331 1573 376 1599 111.
390 1582 418 1607 p.
435 1575 517 1606 1710.)
529 1571 694 1604 'Auentinam'
707 1570 806 1605 ἐπερώ-

212 1623 290 1647 τησις,
308 1614 367 1647 (ib.)
378 1614 504 1647 Εἰκονική
517 1614 602 1648 λῆψις,
616 1614 665 1646 (ib.
679 1623 706 1648 p.
719 1614 804 1646 1728.)

210 1661 237 1681 et
252 1655 421 1689 Ἐπερώτησισ
436 1656 490 1682 ἐστὶ
509 1654 625 1688 σννθήκη
638 1666 662 1681 κ.
673 1665 697 1681 τ.
709 1655 732 1681 λ.
750 1654 800 1686 (ih.

208 1707 237 1732 p.
252 1699 333 1730 1734.)
350 1703 375 1723 et
392 1698 514 1724 Scholion
536 1698 569 1723 ad
586 1698 703 1731 Syuops.
721 1697 800 1722 Basi-

207 1741 251 1766 lic.
269 1741 299 1766 1..
318 1741 411 1766 XXVI.
428 1741 469 1765 tit.
486 1741 510 1765 6.
527 1744 589 1774 post
605 1748 628 1764 c.
640 1748 680 1764 υ.
697 1747 726 1773 p.
740 1740 799 1764 265.

207 1783 249 1809 Cf.
267 1783 445 1809 Basilicarum
462 1787 601 1808 contextus
622 1781 682 1807 Lib.
701 1781 796 1809 xxv1.

205 1825 245 1849 tit.
266 1826 290 1849 6.
309 1826 358 1856 (T.
374 1825 421 1850 1v.
443 1834 471 1859 p.
487 1827 532 1858 ¹75
544 1837 576 1845 —
591 1825 662 1857 181.)
685 1823 796 1849 scholiis

202 1867 260 1899 ipse
278 1866 427 1892 destitutus.

926 1320 956 1352 h)
981 1320 1164 1353 Triennium,
1183 1321 1230 1354 qui
1248 1329 1317 1346 vnus
1335 1329 1349 1345 e
1366 1321 1471 1353 graecis

876 1362 1034 1387 doctoribus
1044 1370 1149 1387 caussas
1159 1363 1301 1395 obligandi
1311 1362 1405 1396 paullo
1414 1362 1468 1387 ad-

873 1405 991 1429 curatius
999 1405 1122 1437 exposuit
1131 1405 1205 1435 (nam
1217 1405 1336 1429 Basilica
1344 1404 1403 1429 Lib.
1410 1404 1467 1429 Lu.

872 1448 911 1472 tii.
930 1455 952 1471 ι.
970 1447 999 1471 in
1016 1446 1098 1472 Thes.
1114 1446 1230 1471 Meerm.
1253 1447 1286 1471 T.
1304 1448 1338 1471 V.
1355 1455 1383 1479 p.
1396 1447 1466 1478 96-

875 1490 928 1514 203.
946 1488 1017 1513 nihil
1040 1488 1112 1514 aliud
1131 1489 1288 1520 continent,
1317 1496 1400 1521 qnam
1417 1496 1464 1513 ca—

870 1532 928 1565 pita
945 1530 1016 1556 tituli
1033 1531 1068 1555 D.
1086 1530 1119 1556 de
1137 1531 1170 1556 Ο.
1188 1535 1213 1556 et
1230 1531 1263 1556 A.
1287 1530 1395 1555 scholiis
1415 1538 1464 1554 ca-

868 1574 972 1605 remia,
995 1577 1021 1598 et
1036 1574 1066 1598 in
1083 1573 1195 1606 reliquis
1212 1572 1334 1597 fontibus
1351 1572 1462 1597 Postiu—

866 1615 1005 1640 stinianeis
1022 1615 1108 1640 anum
1125 1619 1165 1640 est
1181 1615 1214 1640 de
1230 1614 1283 1639 hoc
1300 1619 1460 1647 argumento

864 1657 1011 1687 silentium,
1028 1657 1051 1681 si
1067 1657 1103 1682 ab
1125 1657 1187 1682 exili
1205 1657 1358 1682 Micnuns
1373 1658 1459 1681 Ana-

863 1698 944 1723 liotae
960 1698 1068 1724 decreto
1091 1699 1256 1730 discesseris,
1297 1698 1370 1731 quod
1388 1698 1458 1722 sistit

861 1741 906 1766 Ius
924 1741 1029 1767 Graeco
1042 1756 1057 1760 -
1069 1741 1225 1766 Romanum
1258 1740 1289 1765 T.
1307 1740 1339 1765 11.
1365 1748 1393 1774 p,
1410 1741 1456 1772 8.),

862 1784 976 1809 omnino
994 1788 1123 1816 sequutus
1140 1788 1180 1808 est
1196 1783 1389 1809 Iustinianeam
1406 1791 1455 1808 ra-

859 1826 963 1851 tionem
979 1826 1043 1851 inde
1061 1834 1077 1851 a
1093 1825 1153 1851 Lib.
1170 1825 1216 1851 111.
1239 1826 1279 1850 tit.
1300 1827 1338 1850 13.
