1857 2542
793 219 1030 259 -13r—

287 299 461 344 praemisso
482 294 629 338 quidemj
650 292 737 334 quod
758 291 916 334 sequitur,
939 291 1053 333 elogio.
1084 291 1326 330 „PARmtcon-
1357 288 1459 321 Haud
1479 293 1538 322 ab·

287 353 381 386 surde
401 351 507 381 facere
528 349 609 380 mihi
628 348 759 387 videor,
792 349 821 379 si
846 348 908 378 hoc
934 348 1059 385 libello,
1088 348 1123 377 in
1145 358 1209 389 quo
1229 347 1333 377 multa
1354 347 1394 376 de
1414 347 1536 377 Arme—

285 409 345 440 niis
366 406 451 443 dixi,
473 415 626 446 graecum
647 416 775 447 quoque
796 405 940 436 scholion
962 404 1147 442 exhibeam,
1171 403 1257 445 quod
1275 404 1387 434 Codex
1407 403 1540 444 quidam

282 463 521 495 Ambrosianus
543 463 632 492 addit
652 463 746 492 titulo
768 468 869 497 sexto,
891 461 948 501 qui
968 467 1016 491 est
1035 461 1076 491 de
1095 460 1261 492 Armeniis
1281 460 1316 490 in
1331 459 1414 490 libro
1430 459 1540 491 XLV.

282 518 516 555 Basilicorum3
539 517 698 548 omittitur
719 523 828 548 autem
849 528 887 547 eo
907 517 978 547 loco
1000 516 1035 547 in
1056 516 1222 548 Parisiaca
1238 515 1452 547 Basilicorum
1469 514 1540 546 edi-

282 575 381 606 tione.
409 573 540 614 Quippe
560 567 633 613 post
653 572 776 604 dictum
795 571 927 602 titulum
945 571 1186 612 subiunguntur
1203 571 1239 602 in
1255 570 1395 602 editione
1412 570 1539 602 Scholia

283 631 349 662 (luo
370 629 536 662 Theodori
556 628 801 669 Hermopolitae
824 627 894 668 (qui
910 628 1039 659 Basilic.
1063 629 1104 659 T.
1120 628 1175 657 III.
1196 638 1229 669 p.
1244 628 1294 668 57.
1317 627 1541 659 antonomasia

284 686 425 729 quadam
452 683 570 714 dicitur
598 680 618 713 ὅ
644 680 821 718 διατάξεων
852 682 1025 723 ἐξηγητής,
1058 683 1329 714 constitutionum
1357 683 1541 725 interpres),

281 741 399 783 quibus
425 738 553 770 scholiis
575 737 688 769 Codex
709 738 948 769 Ambrosianus
977 737 1158 779 interponit
1184 739 1364 779 spatiosum
1392 740 1480 771 aliud
1501 739 1544 770 de

281 794 533 838 obligationibus
561 800 593 824 et
615 793 656 824 de
675 793 873 838 Aquilliqna
900 793 1136 834 stipulatione,
1170 794 1256 833 quod
1277 801 1325 825 est
1345 795 1513 826 eiusmodi.
1522 799 1541 813 “

280 852 504 891 Descripserat
533 849 691 880 nimirum
710 849 775 880 Vir
802 849 900 880 etiam
921 848 1129 879 orientaliiun
1156 849 1340 881 litterarum
1360 850 1543 891 intelligen-

281 907 422 939 tissimus
448 906 495 936 in'
510 906 618 936 fronte
645 904 832 937 Philoniani
860 905 1020 947 Opusculi
1046 905 1155 935 varios
1182 905 1317 936 Codices
1344 906 1543 937 Armeniaca

280 964 392 1002 lingua
413 951 624 1002 conscriptos,
645 970 787 1000 quorum
807 960 887 991 alios
906 966 1017 991 seruat
1037 966 1069 991 et
1089 960 1160 1001 ipsa
1180 960 1382 992 Bibliotheca
1394 962 1542 993 Ambro—

282 1020 388 1056 siana,
429 1017 569 1047 aliorum
597 1016 724 1057 copiam
752 1016 949 1046 clarissimus
976 1016 1214 1047 Armeniorum
1245 1016 1372 1052 doctor,
1405 1018 1542 1047 Ioannes

282 1074 472 1111 Zohrabus,
506 1071 622 1102 editori
643 1071 780 1110 fecerat,
817 1072 852 1102 in
873 1073 925 1103 his
952 1083 1051 1114 quam
1076 1072 1221 1103 maxime
1240 1073 1366 1113 insigne
1387 1073 1542 1103 Chronici

280 1129 459 1163 Eusebiam‘
481 1127 598 1168 integri
620 1129 817 1169 exemplum,
840 1129 931 1159 cuius
953 1128 1130 1169 specimina
1150 1128 1185 1158 in
1200 1128 1341 1159 latinum
1360 1139 1543 1159 sermonem

281 1197 439 1218 conuersa
458 1184 524 1217 Vir
545 1183 782 1215 eruditissimus
801 1184 922 1215 ibidem
943 1184 1101 1222 exhibuit,
1123 1183 1269 1215 vninersi
1291 1189 1400 1214 antem
1420 1194 1542 1225 prope·

282 1243 369 1272 diem
394 1239 549 1280 vulgaudi
569 1240 689 1269 laetam
716 1240 895 1270 commouit
921 1239 1196 1280 exspectationem
1207 1239 1244 1278 ε).
1287 1240 1381 1279 Quae
1405 1240 1543 1270 honori-

281 1298 345 1328 fica
365 1296 556 1327 meritorum
570 1283 789 1325 Armeniacae
810 1295 952 1325 nationis
973 1294 1009 1324 in
1026 1295 1150 1325 litteras
1171 1295 1295 1325 mentio
1318 1306 1430 1326 ansam
1445 1306 1543 1336 prae-

282 1353 353 1384 buit
373 1357 503 1387 nostro,
538 1356 575 1381 vt
594 1350 664 1391 ipse
685 1351 850 1391 professus
871 1356 933 1387 est,
962 1350 1224 1380 communicandi
1245 1361 1321 1382 cum
1340 1351 1421 1382 viris
1441 1352 1542 1382 doctis

282 1412 365 1446 eius,
400 1407 488 1449 quod
508 1406 602 1437 titulo
623 1406 839 1437 Basilicorum
865 1405 907 1436 de
927 1406 1113 1437 Armeniis.
1147 1416 1165 1435 e
1188 1406 1339 1437 Nouellis
1358 1407 1543 1445 Iustiniani,

282 1465 403 1505 quippe
424 1462 514 1493 XXI.
542 1471 569 1490 c.
595 1472 621 1490 ι.
641 1461 801 1491 XXXVI.
823 1467 855 1491 et
876 1461 1011 1492 CXVII.
1039 1471 1066 1491 c.
1092 1472 1119 1492 1.
1146 1463 1251 1493 mixto
1264 1463 1310 1501 ⁸¹),
1344 1463 1543 1503 adscriptum

284 1523 450 1561 repererat
469 1515 585 1547 Codici
606 1514 840 1554 Ambrosiano‚
877 1516 1056 1553 corollarii3
1090 1517 1175 1547 vnde
1200 1529 1314 1548 rursus
1341 1516 1463 1548 factum
1485 1523 1543 1556 est,

284 1583 336 1614 vt,
370 1575 446 1606 licet
472 1572 533 1615 ipsi
560 1571 707 1614 παρέργῳ
735 1572 818 1602 nihil
844 1572 976 1608 inesset,
1009 1572 1049 1602 ad
1072 1573 1158 1613 quod
1180 1574 1251 1613 quis
1274 1573 1404 1603 illarum
1424 1574 1542 1613 legum,

284 1632 406 1662 nedum
428 1628 568 1659 nationis
589 1627 816 1665 Armeniacae,
838 1629 1001 1658 reminisci
1022 1634 1138 1669 posset,
1161 1634 1270 1658 tamen
1285 1629 1321 1658 in
1336 1629 1445 1658 Indice
1461 1640 1543 1670 ope-

284 1700 376 1725 nun,
398 1696 480 1727 quae
501 1683 583 1715 Maii
604 1682 759 1714 beneficio
780 1684 886 1714 lucem
907 1684 1085 1714 Mediolani
1107 1684 1341 1726 adspexerunt,
1365 1684 1543 1715 Mediolani

285 1742 464 1778 venalium,
500 1740 690 1771 auctoritate
724 1740 838 1782 procul
871 1739 968 1770 dubio
995 1739 1137 1770 Editoris
1171 1740 1381 1771 Celeberrimi
1413 1740 1542 1782 publice

335 1895 360 1924 r)
377 1893 446 1917 Diss.
463 1894 590 1924 praeniae
606 1894 637 1919 P.
655 1893 688 1920 Π.
712 1903 740 1928 p.
759 1894 854 1920 XXVI.
961 1894 990 1926 d)
1009 1895 1041 1920 Τ.
1056 1895 1103 1921 Vl.
1119 1902 1147 1928 χ).
1166 1896 1316 1927 137—139.
1334 1893 1376 1919 ed.
1395 1893 1507 1920 Fabrot.
