1857 2542
752 210 802 220 ”-
850 203 961 228 xxnl
1007 210 1057 218 —

269 273 307 299 iu
315 272 399 299 dica
406 272 491 304 ndo,
515 283 637 311 eumque
660 274 709 302 die
728 274 820 302 XVI.
838 274 955 309 Aprilis
970 274 1166 310 ·Amplissimi
1182 273 1436 310 Philosophorum
1466 272 1529 301 Or-

265 332 346 359 dinis
362 335 556 366 auctoritate,
574 334 618 361 ad
633 335 746 369 optima
768 334 938 370 magisterii
961 335 1032 361 ιἰινα
1057 336 1115 362 rice
1133 334 1308 370 obtinenda,
1328 333 1451 371 publice
1469 333 1525 361 de-

261 391 363 429 fendi.
381 409 414 414 —
435 392 528 420 Nunc
544 393 632 420 aliud
648 402 721 428 opus
738 394 861 420 maioris
879 394 1045 420 conaminis
1062 396 1191 430 suscepi,
1210 404 1302 431 qaum
1319 393 1395 421 mihi
1411 393 1524 421 librum

268 451 426 480 CVRTIO
451 456 571 479 auctore
594 451 782 485 inchoatum,
811 452 847 480 de
871 453 936 480 iure
965 453 1068 488 ciuili,
1097 462 1155 490 quo
1183 455 1217 480 in
1240 454 1372 481 Saxonia
1398 454 1520 485 utimur,

260 512 407 548 perficere
421 512 598 539 mandatum
608 513 648 538 sit
655 521 667 544 ;
686 511 766 548 quod
776 517 808 540 vt
825 511 908 539 illiue
923 512 955 540 V
952 513 995 539 in·
1004 512 1138 540 Illustris
1156 514 1272 541 nomine
1285 522 1344 540 non
1363 512 1523 549 indignum

256 572 339 608 fiat,
354 578 388 614 νζ
412 581 512 600 omnes
539 572 679 607 cupiunt,
702 572 748 598 eie
773 580 828 608 ego
848 581 907 608 pro
931 572 1018 600 virili
1035 578 1127 609 parte
1150 568 1328 601 comendam
1344 581 1519 609 operamque

267 631 397 660 nauabo.

347 691 456 731 Quam
484 697 592 723 autem
614 692 809 724 Candidatus
829 693 1124 732 Praedarissimus,
1160 699 1334 734 antequam
1362 704 1380 724 e
1406 698 1520 723 nostra

266 746 443 778 Academia
465 748 673 787 discessisset,
694 749 730 779 in
749 749 852 791 priori
871 750 1048 780 tentamine
1061 750 1179 782 Ordini
1194 756 1305 781 nostro
1320 749 1519 791 probauerat

264 801 387 843 ingenii
406 803 585 835 vbertatem
598 810 629 835 et
640 804 804 836 doctrinae
816 806 1054 846 praestantiam,
1075 806 1230 844 eamdem,
1252 817 1353 847 quum
1365 814 1518 835 reuersus

266 858 306 888 ad
320 869 394 897 nos,
416 865 452 890 vt
469 859 599 898 studiis,
620 872 702 901 quae
722 861 808 891 inter
827 860 1006 893 forensium
1025 862 1228 903 negotiorum
1245 861 1396 902 strepitus
1414 870 1516 890 num-

266 924 365 954 quam
385 914 567 953 intermisit,
588 922 693 947 totum
714 927 747 947 se
768 916 938 956 addiceret,
959 917 995 947 in
1015 910 1115 948 altero
1131 918 1300 958 colloquio,
1322 916 1374 946 cui
1389 916 1516 946 Docto-

265 976 354 1000 ratus
371 970 406 1000 in
420 976 557 1011 vtroque
569 971 640 1001 iure
655 972 869 1014 consequendi
884 972 987 1012 gratia
998 984 1031 1003 se
1048 973 1143 1010 stitit,
1165 983 1269 1013 nuper
1280 972 1326 1001 ita
1338 969 1516 1012 expediuin

263 1031 300 1055 vt
314 1025 405 1057 Ordo
422 1026 568 1057 vnanimi
583 1037 742 1062 consensu
759 1038 834 1058 eum
849 1027 899 1059 his
915 1028 1092 1059 honoribus
1109 1026 1332 1068 dignis-simum
1349 1025 1517 1056 iudicaret.

263 1080 485 1112 Defuncturus
507 1088 615 1113 autem
635 1083 768 1124 reliquis
785 1083 1022 1124 speciminibus,
1043 1094 1125 1124 quae
1142 1094 1161 1112 a
1179 1082 1366 1113 candidatis
1384 1091 1515 1128 eorum·

264 1137 337 1167 dem
358 1137 521 1168 honorum
545 1138 734 1178 exiguntur,
767 1150 835 1170 non
856 1140 960 1170 solum
982 1140 1121 1169 crastino
1143 1138 1209 1176 die,
1240 1138 1321 1167 hora
1342 1147 1360 1166 a
1381 1135 1515 1167 meridie

264 1194 413 1230 secunda,
434 1195 469 1224 in
486 1192 662 1224 Auditorio
681 1192 802 1231 nostro,
820 1194 945 1236 Legem
960 1194 1009 1225 II.
1031 1195 1066 1226 C.
1090 1193 1156 1225 Vbi
1176 1194 1210 1223 in
1226 1204 1296 1223 rem
1316 1191 1401 1222 actio
1422 1200 1518 1220 exer-³

264 1251 329 1281 ceri
351 1249 466 1281 debeat
485 1249 761 1290 interpretabitur,
782 1249 838 1279 sed
858 1249 956 1279 etiam
976 1248 1158 1290 insequenti
1179 1248 1287 1278 statim
1305 1246 1365 1283 die,
1386 1245 1440 1286 qui
1459 1244 1514 1275 fu·-

264 1313 356 1338 turus
378 1313 426 1337 est
445 1307 487 1338 X.
508 1305 628 1336 mensis
648 1305 752 1343 Iunii,
784 1305 1051 1337 Dissertationem
1076 1305 1299 1344 inauguralem
1324 1303 1364 1333 de
1391 1300 1513 1341 adqui-

263 1362 361 1393 rendo
389 1372 499 1391 rerum
526 1359 668 1390 dominio
694 1359 944 1390 elaboratissime
970 1369 989 1388 a
1016 1369 1050 1388 se
1076 1359 1245 1399 scriptam,
1289 1357 1399 1387 eodem
1428 1356 1510 1391 loco,

264 1417 340 1448 inde
367 1416 407 1445 ab
433 1416 514 1445 hora
536 1424 622 1444 nona
653 1414 781 1455 publice
808 1420 841 1444 et
860 1414 929 1444 sine
957 1414 1109 1444 Praeside
1130 1413 1287 1444 defendet.
1330 1412 1405 1451 Quo
1425 1410 1512 1440 facto

268 1473 330 1506 Vir
349 1470 504 1507 Illastris,
523 1469 829 1500 Excellentissimue
844 1475 945 1510 atque
958 1469 1237 1505 Consultissimus,
1259 1467 1302 1498 D.
1316 1467 1512 1497 CHRISTU-

265 1540 334 1562 st
356 1529 551 1559 Eaxnsrvs
572 1526 782 1561 Wmssn's,
818 1525 997 1566 Supremae
1017 1525 1136 1557 Curiae
1154 1522 1376 1555 Prouincialis
1397 1520 1511 1551 Consi-

262 1585 397 1618 liarius,
431 1581 521 1612 Iuris
544 1579 731 1611 criminalis
751 1579 924 1621 Professor
948 1580 1107 1610 Publicus
1128 1578 1343 1615 Ordinarius,
1378 1574 1512 1606 Ordinis

264 1636 575 1669 Iurisconsultorum
596 1634 627 1665 Ῐι.
650 1640 674 1665 t.
695 1634 861 1672 Dece-mus,
885 1635 1013 1675 Collega
1034 1633 1312 1665 coniunctissimus
1335 1634 1366 1661 et
1385 1631 1420 1661 in
1440 1629 1510 1671 pri-

264 1694 325 1725 mis
346 1690 583 1732 suspiciendus,
610 1690 662 1719 cui
681 1700 753 1729 ego,
776 1690 968 1720 Cancellarii
988 1690 1058 1720 vice
1079 1699 1115 1719 ac
1135 1698 1285 1726 munere,
1312 1684 1510 1718 Promotom’s

264 1754 370 1791 partes
391 1746 452 1777 rite
474 1744 636 1785 delegaui,
669 1755 812 1775 summos
836 1745 872 1774 in
895 1751 1031 1786 Vtroque
1057 1745 1127 1774 iure
1148 1744 1285 1774 honores
1304 1753 1377 1773 cum
1400 1740 1508 1771 omni-

263 1807 323 1838 bus
346 1802 523 1848 priuilegiis
551 1813 586 1833 ac
607 1802 731 1833 iuribus
757 1801 832 1833 huic
860 1801 1006 1843 dignitati
1032 1800 1180 1838 adnexis,
1214 1800 1280 1831 sola
1301 1811 1357 1842 spe
1377 1798 1418 1830 ad
1441 1809 1511 1829 ses-

262 1863 387 1893 sionem
414 1861 450 1891 in
477 1859 617 1899 collegio
645 1864 754 1898 nostro
781 1858 965 1899 adspirandi
992 1864 1142 1898 excepta,
1180 1857 1243 1898 ipsi
1269 1857 1389 1887 tribuet
1416 1860 1513 1893 atque
