1857 2542
720 232 770 241 -
825 225 918 250 xvn
978 233 1024 241 —·

241 291 325 325 inter
353 294 565 326 Basilicorum
599 295 720 327 scholia
754 306 937 338 occupasse.
1000 297 1155 329 Nondum
1185 297 1270 329 enim
1300 297 1393 328 nobis
1421 297 1501 329 haec

242 351 360 382 scholia
381 352 551 392 diligenter
571 351 696 382 rimatis
718 352 904 392 exemplum
931 353 1071 383 occurrit
1098 354 1210 383 similis
1239 354 1379 390 formae,
1414 365 1500 396 quae

240 406 335 436 rebus
364 406 620 436 disiunctissimis
656 406 844 435 enarrandis
878 406 958 436 fines
992 407 1267 448 interpretationis
1296 409 1413 449 cuique
1442 419 1499 438 ca-

238 460 298 503 piti
324 466 418 503 aptae
447 459 645 500 egrediatur,
673 460 759 502 quod
779 460 924 503 profecto
945 460 1070 493 factum
1091 461 1220 500 fuisset,
1250 462 1277 493 si
1298 475 1329 494 v.
1352 474 1379 493 c.
1402 464 1495 495 titulo

239 518 454 548 Basilicorum
475 516 514 546 de
536 517 776 557 acceptilatione
796 520 953 557 generalis
975 520 1014 549 de
1037 519 1157 549 caussis
1178 519 1412 558 obligationum
1432 520 1493 550 do-

238 571 360 610 ctrina,
394 571 470 601 alibi
491 572 703 613 opportunius
731 574 950 612 exsequenda,
983 574 1179 604 adcessisset.
1228 573 1272 603 Et
1297 584 1493 615 quamquam

238 633 387 659 nostrum
408 627 641 669 fragmentum,
663 634 699 659 vt
718 640 816 670 supra
836 629 993 667 diximus,
1015 629 1230 662 Basilicorum
1253 629 1346 661 titulo
1366 630 1405 661 de
1425 630 1493 661 Ar—

238 683 354 713 meniis
387 683 421 713 in
448 684 565 714 Codice
592 684 824 722 Ambrosianu,
864 686 949 716 vnde
977 687 1083 716 Celeb.
1113 686 1221 715 lunius
1251 685 1286 714 id
1315 685 1492 726 descripsit,

238 743 403 778 tamquam
430 739 575 770 scholion
601 739 767 778 adhaeret,
802 751 869 771 non
897 747 1005 771 tamen
1033 741 1108 771 iude
1130 740 1289 781 seqnitur,
1323 751 1436 782 reapse
1458 741 1491 770 id

238 805 311 825 eam
332 795 372 825 ob
393 806 539 827 caussam
560 807 621 837 pro
648 796 768 827 scholio
794 808 862 827 esse
882 797 1076 829 habendum.
1117 798 1230 838 Quum
1257 797 1345 827 enim
1372 797 1426 827 ille
1447 798 1493 827 ti-

236 851 322 881 tulus
343 858 523 892 postremus
544 852 586 882 sit
603 850 697 886 Libri
711 852 817 882 XLV.
830 852 858 890 ⁷)
882 853 974 883 facile
995 853 1065 883 fieri
1080 853 1195 893 potuit,
1216 859 1252 883 vt
1268 852 1380 892 spatio,
1402 853 1489 892 quod

234 906 385 937 librarius
407 912 546 938 exeunte
565 906 646 937 libro
673 917 813 938 vacuum
836 908 1034 949 reliquisset,
1069 908 1120 938 vel
1146 908 1186 938 ab
1208 907 1336 945 eodem,
1374 908 1426 938 vel
1448 908 1487 938 ab

235 964 297 994 alio
320 964 396 995 libri
416 973 612 1006 possessore,
640 963 870 995 inscriberetur
890 970 1044 995 tractatus
1065 964 1289 1001 breuissimus,
1317 964 1371 1004 qui
1393 964 1488 995 istam

236 1019 514 1062 intercapedinem
535 1020 694 1061 expleret,
722 1015 812 1051 nulla
835 1020 960 1050 ratione
980 1020 1090 1050 habita
1111 1019 1308 1060 argumenti,
1334 1019 1387 1049 cui
1408 1019 1486 1049 sub-

233 1076 401 1115 iiceretur,
434 1076 586 1119 quodque
607 1075 770 1118 profecto,
802 1076 829 1107 si
850 1076 937 1118 quod
958 1076 1061 1112 aliud,
1094 1087 1114 1106 a
1134 1074 1293 1106 sententia
1314 1075 1486 1116 fragmenti

232 1138 301 1163 toto
322 1134 410 1163 coelo
431 1132 537 1162 distat.
580 1132 657 1175 Qua
677 1132 805 1174 quidem
825 1131 992 1163 occasione
1012 1137 1193 1173 temperare
1214 1132 1305 1162 nobis
1327 1142 1392 1162 non
1409 1143 1485 1173 pos-

233 1200 360 1227 sumus,
401 1187 494 1229 quin,
528 1198 604 1219 cum
631 1189 740 1220 Maius
766 1190 862 1230 plura
890 1188 929 1218 de
950 1188 1068 1218 Codice
1095 1188 1150 1218 illo
1175 1188 1315 1225 adferre,
1356 1194 1485 1229 praeter

233 1244 515 1279 consuetudinem,
536 1254 636 1284 quam
656 1243 692 1273 in
714 1244 826 1273 ceteris
841 1242 1058 1273 monumentis
1076 1248 1231 1282 'sequutus
1249 1249 1310 1278 est,
1331 1243 1484 1279 omiserit,

233 1310 274 1331 ex
295 1299 397 1330 animi
418 1298 577 1329 sententia
598 1303 755 1340 optemus,
776 1303 812 1329 vt
830 1297 914 1330 Viro
932 1297 1149 1330 Celeberrimo
1170 1295 1404 1328 adcuratiorem
1423 1308 1484 1328 no-

232 1356 337 1386 titiam
365 1355 509 1385 eiusdem
537 1355 682 1391 Codicis,
717 1354 834 1393 procul
859 1353 956 1383 dubio
983 1354 1105 1392 aliquot
1124 1353 1337 1383 Basilicorum
1364 1353 1482 1384 Libros

232 1408 487 1452 complectentis,
533 1408 585 1438 cui
616 1408 754 1439 similem
789 1407 825 1437 in
860 1407 943 1444 solo,
967 1413 1043 1447 'quo
1071 1406 1176 1437 adhuc
1202 1408 1340 1445 vtimur,
1386 1408 1480 1440 MSS.

230 1464 447 1497 Bibliothecae
472 1463 710 1495 Ambrosianae
738 1462 846 1493 Indice
856 1461 884 1503 x)
914 1462 1036 1492 frustra
1062 1463 1296 1502 quaesiuimus,
1332 1474 1408 1494 cum
1434 1464 1481 1493 rei

229 1519 404 1552 litterariae
425 1518 605 1549 fautoribus
628 1517 867 1549 communic-are
888 1527 985 1557 quam
1006 1518 1149 1558 primum
1170 1518 1326 1549 videatur.
1373 1518 1482 1559 Atque
1501 1548 1504 1550 ,

229 1576 315 1607 idem
337 1574 516 1607 Clarissimi
537 1574 613 1606 Viri
634 1573 798 1605 silentium
818 1573 854 1604 in
875 1582 987 1604 caussa
1008 1578 1071 1611 est,
1105 1583 1204 1614 quare
1231 1585 1290 1605 nec
1318 1574 1358 1605 de
1378 1580 1480 1605 aetate

278 1724 307 1756 v)
330 1723 364 1748 T.
382 1721 429 1748 v1.
447 1729 475 1755 p.
494 1721 639 1753 137-139.
888 1725 1136 1746 commemorantur
1169 1723 1364 1747 Promtuarium
1393 1720 1479 1754 legum

279 1766 308 1798 x)
338 1765 371 1790 ln
392 1762 562 1791 Bibliotheca
589 1761 822 1788 Bibliotheearum
887 1763 992 1795 Basilii,
1003 1763 1102 1798 Eulogo
1110 1764 1213 1794 Leonis,
1221 1765 1311 1789 variae
1326 1765 1409 1798 Impp.
1422 1765 1478 1789 No—

230 1809 312 1836 MSS.
336 1807 415 1835 Noua
435 1809 544 1834 auctore
565 1807 644 1830 Bem.
667 1806 698 1830 de
721 1805 823 1830 Mon-r-
886 1804 984 1836 vellat,
1003 1810 1130 1831 tractatus
1147 1807 1178 1830 de
1195 1806 1332 1837 Falcidia,
1356 1806 1477 1832 Michae-

231 1858 335 1876 rAvcox
360 1850 392 1875 T.
409 1849 429 1874 1.
451 1857 480 1882 p.
498 1849 544 1880 491
559 1861 591 1866 —
605 1848 661 1873 530.
685 1846 733 1872 vbi
750 1847 822 1872 inter
886 1847 919 1871 lis
936 1848 1112 1872 ΛττΑιιοτΑε
1135 1849 1252 1880 Epitome
1274 1854 1299 1874 et
1320 1849 1478 1873 Hammo·

229 1893 318 1926 graeci
327 1892 395 1918 iuris
403 1890 532 1925 reliquia
538 1888 732 1915 Ambrosianas
741 1888 820 1915 MSS.
886 1897 945 1913 ινιτ
962 1889 1089 1915 Manuale
1104 1889 1198 1924 legum.

1016 1930 1041 1960 C
